<?xml version="1.0" encoding="UTF-8"?><record xmlns="http://www.loc.gov/MARC21/slim" xmlns:cinclude="http://apache.org/cocoon/include/1.0" xmlns:zs="http://www.loc.gov/zing/srw/">
  <leader>02515cz  a2200361n  4500</leader>
  <controlfield tag="001">n 2005018283</controlfield>
  <controlfield tag="003">DLC</controlfield>
  <controlfield tag="005">20140513153317.0</controlfield>
  <controlfield tag="008">050314n| azannaabn          |b ana      </controlfield>
  <datafield tag="010" ind1=" " ind2=" ">
    <subfield code="a">n 2005018283</subfield>
    <subfield code="z">n 2011207282</subfield>
  </datafield>
  <datafield tag="035" ind1=" " ind2=" ">
    <subfield code="a">(OCoLC)oca06585484</subfield>
  </datafield>
  <datafield tag="040" ind1=" " ind2=" ">
    <subfield code="a">DLC</subfield>
    <subfield code="b">eng</subfield>
    <subfield code="e">rda</subfield>
    <subfield code="c">DLC</subfield>
    <subfield code="d">DLC</subfield>
    <subfield code="d">IEN</subfield>
    <subfield code="d">DLC</subfield>
  </datafield>
  <datafield tag="046" ind1=" " ind2=" ">
    <subfield code="s">1967</subfield>
  </datafield>
  <datafield tag="110" ind1="2" ind2=" ">
    <subfield code="a">Komala</subfield>
  </datafield>
  <datafield tag="370" ind1=" " ind2=" ">
    <subfield code="e">Iranian Kurdistan</subfield>
  </datafield>
  <datafield tag="372" ind1=" " ind2=" ">
    <subfield code="a">Politics</subfield>
  </datafield>
  <datafield tag="377" ind1=" " ind2=" ">
    <subfield code="a">kur</subfield>
  </datafield>
  <datafield tag="410" ind1="2" ind2=" ">
    <subfield code="a">Komala Party</subfield>
  </datafield>
  <datafield tag="410" ind1="2" ind2=" ">
    <subfield code="a">Komełe</subfield>
  </datafield>
  <datafield tag="410" ind1="2" ind2=" ">
    <subfield code="a">Revolutionary Organization of Toilers</subfield>
  </datafield>
  <datafield tag="410" ind1="2" ind2=" ">
    <subfield code="a">Komełey Şor̄işgêr̄î Zeḧmetkêşanî Kurdistanî Êran</subfield>
  </datafield>
  <datafield tag="410" ind1="2" ind2=" ">
    <subfield code="a">Sazmanî Înqilabîy Zeḧmetkêşanî Kurdistanî Êran</subfield>
  </datafield>
  <datafield tag="410" ind1="2" ind2=" ">
    <subfield code="a">Kūmahʹlah</subfield>
  </datafield>
  <datafield tag="410" ind1="2" ind2=" ">
    <subfield code="a">‏کومه‌له</subfield>
  </datafield>
  <datafield tag="510" ind1="2" ind2=" ">
    <subfield code="a">Komełey Rencderanî Kurdistan (Iraq)</subfield>
  </datafield>
  <datafield tag="667" ind1=" " ind2=" ">
    <subfield code="a">Non-Latin script reference not evaluated.</subfield>
  </datafield>
  <datafield tag="667" ind1=" " ind2=" ">
    <subfield code="a">Do not confuse with: n 2014027055: Komełey Rencderanî Kurdistan (Iraq)</subfield>
  </datafield>
  <datafield tag="670" ind1=" " ind2=" ">
    <subfield code="a">Eyubʹzade, Eyub. Çep le r̄ojhełatî Kurdistan, 2002- :</subfield>
    <subfield code="b">v. 1, t.p. (Komełe) p. 18, etc. (Sazmanî Înqilabîy Zeḧmetkêşanî Kurdistanî Êran; Komełey Şor̄işgêr̄î Zeḧmetkêşanî Kurdistanî Êran)</subfield>
  </datafield>
  <datafield tag="670" ind1=" " ind2=" ">
    <subfield code="a">Gunter, M. Historical dictionary of the Kurds, 2004:</subfield>
    <subfield code="b">(Komala (1969-); the Revolutionary Organization of Toilers; along with the more moderate KDPI, Komala is one of the 2 main Kurdish parties fighting for Kurdish autonomy against the Islamic Republic of Iran; not to be confused with Komala (1942-1945), which led to the short-lived Mahabad Republic in 1946)</subfield>
  </datafield>
  <datafield tag="670" ind1=" " ind2=" ">
    <subfield code="a">Komala Party, via WWW, 14 March 2005:</subfield>
    <subfield code="b">(Komala Party - Iranian Kurdistan; Komełe; Komełey Şor̄işgêr̄î Zeḧmetkêşanî Kurdistanî Êran)</subfield>
  </datafield>
  <datafield tag="670" ind1=" " ind2=" ">
    <subfield code="a">Asnād va muṣavvabāt-i kungrih-ʼi dahum-i Kūmahʹlah, 2002:</subfield>
    <subfield code="b">t.p. (کومه‌له = Kūmahʹlah)</subfield>
  </datafield>
  <datafield tag="670" ind1=" " ind2=" ">
    <subfield code="a">Komalah.org, the official Web site, viewed June 04, 2011:</subfield>
    <subfield code="b">(KOMALA is one of the main political organisations active in Iranian Kurdistan. The organisation was founded in 1967 and struggled against the Shah regime for 12 years until 1979)</subfield>
  </datafield>
  <datafield tag="670" ind1=" " ind2=" ">
    <subfield code="a">Correspondance with Prof. Amir Hassanpour, 30 March 2014:</subfield>
    <subfield code="b">(There are 2 Komeles. The one in Iraq was first called Komeley Marksi-Lenini, and then changed into K. Rencderan...  In Iran, the organization, different from that of Iraqi kurdistan, was Komeley Shorishgeri Zahmetkeshani Kurdistan; The two Komeles of Iran and Iraq are different though they had very cordial relations)</subfield>
  </datafield>
</record>